@online{BeyerRichtchar,
    title     = "Die Richtcharateristiken von Mikrofonen",
    url       = "https://www.beyerdynamic.de/blog/richtcharakteristiken-bei-mikrofonen-einfach-erklaert/",
    keywords  = "Beyerdynamics,Mikrofone, Richtcharakteristiken",
    date      = "Zegegriffen am: 13.07.2024"
}